<?xml version="1.0" encoding="UTF-8"?><collection xmlns="http://www.loc.gov/MARC21/slim"><record><leader>00521nam--2200181-u-4500</leader><controlfield tag="001">000053925</controlfield><controlfield tag="002">20161230</controlfield><controlfield tag="005">20161230201051</controlfield><controlfield tag="008">110707s1000------------r-----000-0-rus-d</controlfield><datafield ind1=" " ind2=" " tag="040"><subfield code="a">IFIN-HH</subfield></datafield><datafield ind1=" " ind2=" " tag="041"><subfield code="a">rus</subfield></datafield><datafield ind1=" " ind2=" " tag="080"><subfield code="a">535.215:537.222.22:537.222.2</subfield></datafield><datafield ind1="1" ind2=" " tag="100"><subfield code="a">Arsenieva-geili, A.N</subfield></datafield><datafield ind1="1" ind2="0" tag="245"><subfield code="a">Vnesnii fotoeffekt s poluprovodnikov i dielektrikov</subfield><subfield code="c">A.n. arsenieva-geili</subfield></datafield><datafield ind1=" " ind2=" " tag="260"><subfield code="a">Moskva</subfield><subfield code="b">Tehnicesko-teoreticeskoi Literaturi</subfield><subfield code="c">1957</subfield></datafield><datafield ind1=" " ind2=" " tag="300"><subfield code="a">222P</subfield></datafield><datafield ind1=" " ind2=" " tag="852"><subfield code="a">75180</subfield><subfield code="c">537.226</subfield></datafield><datafield ind1=" " ind2=" " tag="CAT"><subfield code="a">Sys</subfield><subfield code="c">20110707</subfield><subfield code="h">134545</subfield></datafield></record></collection>